<?xml version="1.0" encoding="UTF-8"?>
  <record xmlns="http://www.loc.gov/MARC21/slim" type="Authority">
    <leader>00000nz  a2200000oc 4500</leader>
    <controlfield tag="001">101487193X</controlfield>
    <controlfield tag="003">DE-101</controlfield>
    <controlfield tag="005">20110901123420.0</controlfield>
    <controlfield tag="008">110901n||aznnnaabn           | aaa    |c</controlfield>
    <datafield tag="024" ind1="7" ind2=" ">
      <subfield code="a">101487193X</subfield>
      <subfield code="0">http://d-nb.info/gnd/101487193X</subfield>
      <subfield code="2">gnd</subfield>
    </datafield>
    <datafield tag="035" ind1=" " ind2=" ">
      <subfield code="a">(DE-101)101487193X</subfield>
    </datafield>
    <datafield tag="035" ind1=" " ind2=" ">
      <subfield code="a">(DE-588)101487193X</subfield>
    </datafield>
    <datafield tag="035" ind1=" " ind2=" ">
      <subfield code="z">(DE-588a)101487193X</subfield>
      <subfield code="9">v:zg</subfield>
    </datafield>
    <datafield tag="040" ind1=" " ind2=" ">
      <subfield code="a">DE-23</subfield>
      <subfield code="c">DE-23</subfield>
      <subfield code="9">r:DE-12</subfield>
      <subfield code="b">ger</subfield>
      <subfield code="d">0023</subfield>
    </datafield>
    <datafield tag="042" ind1=" " ind2=" ">
      <subfield code="a">gnd3</subfield>
    </datafield>
    <datafield tag="043" ind1=" " ind2=" ">
      <subfield code="c">XA-DE</subfield>
    </datafield>
    <datafield tag="075" ind1=" " ind2=" ">
      <subfield code="b">p</subfield>
      <subfield code="2">gndgen</subfield>
    </datafield>
    <datafield tag="075" ind1=" " ind2=" ">
      <subfield code="b">piz</subfield>
      <subfield code="2">gndspec</subfield>
    </datafield>
    <datafield tag="079" ind1=" " ind2=" ">
      <subfield code="a">g</subfield>
      <subfield code="q">a</subfield>
      <subfield code="q">f</subfield>
    </datafield>
    <datafield tag="100" ind1="1" ind2=" ">
      <subfield code="a">Burgsdorff, Hans Christoph &#152;von&#156;</subfield>
      <subfield code="d">1620-1623</subfield>
    </datafield>
    <datafield tag="375" ind1=" " ind2=" ">
      <subfield code="a">1</subfield>
      <subfield code="2">iso5218</subfield>
    </datafield>
    <datafield tag="400" ind1="1" ind2=" ">
      <subfield code="a">Burgsdorff, Hans Christoff &#152;von&#156;</subfield>
      <subfield code="d">1620-1623</subfield>
    </datafield>
    <datafield tag="400" ind1="1" ind2=" ">
      <subfield code="a">Burgsdorff, Hans Christof &#152;von&#156;</subfield>
      <subfield code="d">1620-1623</subfield>
    </datafield>
    <datafield tag="400" ind1="1" ind2=" ">
      <subfield code="a">Burgsdorff, Johann Christoph &#152;von&#156;</subfield>
      <subfield code="d">1620-1623</subfield>
    </datafield>
    <datafield tag="400" ind1="1" ind2=" ">
      <subfield code="a">Burgsdorff, Johannes Christoph &#152;von&#156;</subfield>
      <subfield code="d">1620-1623</subfield>
    </datafield>
    <datafield tag="400" ind1="1" ind2=" ">
      <subfield code="a">Burckstorff, Hans Christoph &#152;von&#156;</subfield>
      <subfield code="d">1620-1623</subfield>
    </datafield>
    <datafield tag="400" ind1="1" ind2=" ">
      <subfield code="a">Burckstorff, Hans Christoff &#152;von&#156;</subfield>
      <subfield code="d">1620-1623</subfield>
    </datafield>
    <datafield tag="400" ind1="1" ind2=" ">
      <subfield code="a">Burckstorff, Hans Christof &#152;von&#156;</subfield>
      <subfield code="d">1620-1623</subfield>
    </datafield>
    <datafield tag="400" ind1="1" ind2=" ">
      <subfield code="a">Burckstorff, Johann Christoph &#152;von&#156;</subfield>
      <subfield code="d">1620-1623</subfield>
    </datafield>
    <datafield tag="400" ind1="1" ind2=" ">
      <subfield code="a">Burckstorff, Johannes Christoph &#152;von&#156;</subfield>
      <subfield code="d">1620-1623</subfield>
    </datafield>
    <datafield tag="400" ind1="1" ind2=" ">
      <subfield code="a">Burgckstorff, Hans Christoph &#152;von&#156;</subfield>
      <subfield code="d">1620-1623</subfield>
    </datafield>
    <datafield tag="400" ind1="1" ind2=" ">
      <subfield code="a">Burgckstorff, Hans Christoff &#152;von&#156;</subfield>
      <subfield code="d">1620-1623</subfield>
    </datafield>
    <datafield tag="400" ind1="1" ind2=" ">
      <subfield code="a">Burgckstorff, Hans Christof &#152;von&#156;</subfield>
      <subfield code="d">1620-1623</subfield>
    </datafield>
    <datafield tag="400" ind1="1" ind2=" ">
      <subfield code="a">Burgckstorff, Johann Christoph &#152;von&#156;</subfield>
      <subfield code="d">1620-1623</subfield>
    </datafield>
    <datafield tag="400" ind1="1" ind2=" ">
      <subfield code="a">Burgckstorff, Johannes Christoph &#152;von&#156;</subfield>
      <subfield code="d">1620-1623</subfield>
    </datafield>
    <datafield tag="400" ind1="1" ind2=" ">
      <subfield code="a">Burgsdorf, Hans Christoph &#152;von&#156;</subfield>
      <subfield code="d">1620-1623</subfield>
    </datafield>
    <datafield tag="400" ind1="1" ind2=" ">
      <subfield code="a">Burgsdorf, Hans Christoff &#152;von&#156;</subfield>
      <subfield code="d">1620-1623</subfield>
    </datafield>
    <datafield tag="400" ind1="1" ind2=" ">
      <subfield code="a">Burgsdorf, Hans Christof &#152;von&#156;</subfield>
      <subfield code="d">1620-1623</subfield>
    </datafield>
    <datafield tag="400" ind1="1" ind2=" ">
      <subfield code="a">Burgsdorf, Johann Christoph &#152;von&#156;</subfield>
      <subfield code="d">1620-1623</subfield>
    </datafield>
    <datafield tag="400" ind1="1" ind2=" ">
      <subfield code="a">Burgsdorf, Johannes Christoph &#152;von&#156;</subfield>
      <subfield code="d">1620-1623</subfield>
    </datafield>
    <datafield tag="400" ind1="1" ind2=" ">
      <subfield code="a">Burgstorf, Hans Christoph &#152;von&#156;</subfield>
      <subfield code="d">1620-1623</subfield>
    </datafield>
    <datafield tag="400" ind1="1" ind2=" ">
      <subfield code="a">Burgstorf, Hans Christoff &#152;von&#156;</subfield>
      <subfield code="d">1620-1623</subfield>
    </datafield>
    <datafield tag="400" ind1="1" ind2=" ">
      <subfield code="a">Burgstorf, Hans Christof &#152;von&#156;</subfield>
      <subfield code="d">1620-1623</subfield>
    </datafield>
    <datafield tag="400" ind1="1" ind2=" ">
      <subfield code="a">Burgstorf, Johann Christoph &#152;von&#156;</subfield>
      <subfield code="d">1620-1623</subfield>
    </datafield>
    <datafield tag="400" ind1="1" ind2=" ">
      <subfield code="a">Burgstorf, Johannes Christoph &#152;von&#156;</subfield>
      <subfield code="d">1620-1623</subfield>
    </datafield>
    <datafield tag="400" ind1="1" ind2=" ">
      <subfield code="a">Burgkstorff, Hans Christoph &#152;von&#156;</subfield>
      <subfield code="d">1620-1623</subfield>
    </datafield>
    <datafield tag="400" ind1="1" ind2=" ">
      <subfield code="a">Burgkstorff, Hans Christoff &#152;von&#156;</subfield>
      <subfield code="d">1620-1623</subfield>
    </datafield>
    <datafield tag="400" ind1="1" ind2=" ">
      <subfield code="a">Burgkstorff, Hans Christof &#152;von&#156;</subfield>
      <subfield code="d">1620-1623</subfield>
    </datafield>
    <datafield tag="400" ind1="1" ind2=" ">
      <subfield code="a">Burgkstorff, Johann Christoph &#152;von&#156;</subfield>
      <subfield code="d">1620-1623</subfield>
    </datafield>
    <datafield tag="400" ind1="1" ind2=" ">
      <subfield code="a">Burgkstorff, Johannes Christoph &#152;von&#156;</subfield>
      <subfield code="d">1620-1623</subfield>
    </datafield>
    <datafield tag="400" ind1="1" ind2=" ">
      <subfield code="a">Burgkstorf, Hans Christoph &#152;von&#156;</subfield>
      <subfield code="d">1620-1623</subfield>
    </datafield>
    <datafield tag="400" ind1="1" ind2=" ">
      <subfield code="a">Burgkstorf, Hans Christoff &#152;von&#156;</subfield>
      <subfield code="d">1620-1623</subfield>
    </datafield>
    <datafield tag="400" ind1="1" ind2=" ">
      <subfield code="a">Burgkstorf, Hans Christof &#152;von&#156;</subfield>
      <subfield code="d">1620-1623</subfield>
    </datafield>
    <datafield tag="400" ind1="1" ind2=" ">
      <subfield code="a">Burgkstorf, Johann Christoph &#152;von&#156;</subfield>
      <subfield code="d">1620-1623</subfield>
    </datafield>
    <datafield tag="400" ind1="1" ind2=" ">
      <subfield code="a">Burgkstorf, Johannes Christoph &#152;von&#156;</subfield>
      <subfield code="d">1620-1623</subfield>
    </datafield>
    <datafield tag="400" ind1="1" ind2=" ">
      <subfield code="a">Burgstorff, Hans Christoph &#152;von&#156;</subfield>
      <subfield code="d">1620-1623</subfield>
    </datafield>
    <datafield tag="400" ind1="1" ind2=" ">
      <subfield code="a">Burgstorff, Hans Christoff &#152;von&#156;</subfield>
      <subfield code="d">1620-1623</subfield>
    </datafield>
    <datafield tag="400" ind1="1" ind2=" ">
      <subfield code="a">Burgstorff, Hans Christof &#152;von&#156;</subfield>
      <subfield code="d">1620-1623</subfield>
    </datafield>
    <datafield tag="400" ind1="1" ind2=" ">
      <subfield code="a">Burgstorff, Johann Christoph &#152;von&#156;</subfield>
      <subfield code="d">1620-1623</subfield>
    </datafield>
    <datafield tag="400" ind1="1" ind2=" ">
      <subfield code="a">Burgstorff, Johannes Christoph &#152;von&#156;</subfield>
      <subfield code="d">1620-1623</subfield>
    </datafield>
    <datafield tag="548" ind1=" " ind2=" ">
      <subfield code="a">1620-1623</subfield>
      <subfield code="4">datl</subfield>
      <subfield code="4">https://d-nb.info/standards/elementset/gnd#dateOfBirthAndDeath</subfield>
      <subfield code="w">r</subfield>
      <subfield code="i">Lebensdaten</subfield>
    </datafield>
    <datafield tag="667" ind1=" " ind2=" ">
      <subfield code="a">VD-17</subfield>
    </datafield>
    <datafield tag="672" ind1=" " ind2="0">
      <subfield code="a">Doegen, Adam: Infantuli Deliciae Christi. = Christi Hertzliches Wolgefallen/ an den kleinen Kindelein/ ... In einer kurtzen Leichpredigt/ gantz tröstlich abgebildet und für Augen gestellet; Beim Begräbniß Des ... Knäbleins/ Hans Christofferchen/ Des ... Christoff Wolff von Burgkstorffs ... Söhnleins; Welches den 2. Aprilis dieses itzlauffenden Jahrs/ seines Alters im 3. Jahr diese Welt gesegnet... 1623</subfield>
    </datafield>
    <datafield tag="913" ind1=" " ind2=" ">
      <subfield code="S">pnd</subfield>
      <subfield code="i">a</subfield>
      <subfield code="a">Burgsdorff, Hans Christoph /von</subfield>
      <subfield code="0">(DE-588a)101487193X</subfield>
    </datafield>
  </record>
